[gd_scene load_steps=12 format=2]

[ext_resource path="res://assets/fonts/8bitOperatorPlus8-Regular.ttf" type="DynamicFontData" id=1]
[ext_resource path="res://assets/music/Ocean-Wave-Crashing-the-GUI.ogg" type="AudioStream" id=2]
[ext_resource path="res://assets/titlescreen/FBK_games.png" type="Texture" id=3]
[ext_resource path="res://assets/titlescreen/space-dodger.png" type="Texture" id=4]
[ext_resource path="res://assets/titlescreen/start.png" type="Texture" id=5]
[ext_resource path="res://assets/player.png" type="Texture" id=6]
[ext_resource path="res://main_title.gd" type="Script" id=7]
[ext_resource path="res://assets/backgrounds/starfield_alpha.png" type="Texture" id=8]

[sub_resource type="DynamicFont" id=1]
font_data = ExtResource( 1 )

[sub_resource type="Animation" id=2]
resource_name = "main_title"
length = 30.0
loop = true
tracks/0/type = "value"
tracks/0/path = NodePath("Label:modulate")
tracks/0/interp = 1
tracks/0/loop_wrap = true
tracks/0/imported = false
tracks/0/enabled = true
tracks/0/keys = {
"times": PoolRealArray( 0, 1, 4, 5 ),
"transitions": PoolRealArray( 1, 1, 1, 1 ),
"update": 0,
"values": [ Color( 0, 0, 0, 1 ), Color( 1, 1, 1, 1 ), Color( 1, 1, 1, 1 ), Color( 0, 0, 0, 1 ) ]
}
tracks/1/type = "value"
tracks/1/path = NodePath("FBK_games:modulate")
tracks/1/interp = 1
tracks/1/loop_wrap = true
tracks/1/imported = false
tracks/1/enabled = true
tracks/1/keys = {
"times": PoolRealArray( 5, 6, 8, 9 ),
"transitions": PoolRealArray( 1, 1, 1, 1 ),
"update": 0,
"values": [ Color( 0, 0, 0, 0 ), Color( 1, 1, 1, 1 ), Color( 1, 1, 1, 1 ), Color( 0, 0, 0, 1 ) ]
}
tracks/2/type = "bezier"
tracks/2/path = NodePath("space-dodger:position:y")
tracks/2/interp = 1
tracks/2/loop_wrap = true
tracks/2/imported = false
tracks/2/enabled = true
tracks/2/keys = {
"points": PoolRealArray( -87.8572, -0.25, 0, 0.25, 0, 125.73, -0.25, 0, 0.25, 0 ),
"times": PoolRealArray( 9.5, 10 )
}
tracks/3/type = "value"
tracks/3/path = NodePath("player:position")
tracks/3/interp = 1
tracks/3/loop_wrap = true
tracks/3/imported = false
tracks/3/enabled = true
tracks/3/keys = {
"times": PoolRealArray( 0, 12, 13, 13.5, 14.5, 15, 16, 16.5 ),
"transitions": PoolRealArray( 1, 1, 1, 1, 1, 1, 1, 1 ),
"update": 0,
"values": [ Vector2( 73.2263, 807.939 ), Vector2( 73.2263, 807.939 ), Vector2( 73.2263, 468.217 ), Vector2( 379.313, 558.164 ), Vector2( 388.754, 479.474 ), Vector2( 97.1126, 293.722 ), Vector2( 96.2279, 353.13 ), Vector2( 391.781, 240.788 ) ]
}
tracks/4/type = "value"
tracks/4/path = NodePath("start:modulate")
tracks/4/interp = 1
tracks/4/loop_wrap = true
tracks/4/imported = false
tracks/4/enabled = true
tracks/4/keys = {
"times": PoolRealArray( 0, 10, 11, 28, 30 ),
"transitions": PoolRealArray( 1, 1, 1, 1, 1 ),
"update": 0,
"values": [ Color( 1, 1, 1, 0 ), Color( 1, 1, 1, 0 ), Color( 1, 1, 1, 1 ), Color( 1, 1, 1, 1 ), Color( 0, 0, 0, 0 ) ]
}
tracks/5/type = "value"
tracks/5/path = NodePath("space-dodger:modulate")
tracks/5/interp = 1
tracks/5/loop_wrap = true
tracks/5/imported = false
tracks/5/enabled = true
tracks/5/keys = {
"times": PoolRealArray( 7.5, 28, 30 ),
"transitions": PoolRealArray( 1, 1, 1 ),
"update": 0,
"values": [ Color( 1, 1, 1, 1 ), Color( 1, 1, 1, 1 ), Color( 1, 1, 1, 0 ) ]
}
tracks/6/type = "value"
tracks/6/path = NodePath("starfield_alpha:modulate")
tracks/6/interp = 1
tracks/6/loop_wrap = true
tracks/6/imported = false
tracks/6/enabled = true
tracks/6/keys = {
"times": PoolRealArray( 0, 9.6, 10.5 ),
"transitions": PoolRealArray( 1, 1, 1 ),
"update": 0,
"values": [ Color( 1, 1, 1, 0 ), Color( 1, 1, 1, 0 ), Color( 1, 1, 1, 1 ) ]
}

[sub_resource type="Animation" id=3]
resource_name = "start"
tracks/0/type = "value"
tracks/0/path = NodePath(".:modulate")
tracks/0/interp = 1
tracks/0/loop_wrap = true
tracks/0/imported = false
tracks/0/enabled = true
tracks/0/keys = {
"times": PoolRealArray( 0, 1 ),
"transitions": PoolRealArray( 1, 1 ),
"update": 0,
"values": [ Color( 1, 1, 1, 1 ), Color( 0, 0, 0, 1 ) ]
}
tracks/1/type = "value"
tracks/1/path = NodePath("music:volume_db")
tracks/1/interp = 1
tracks/1/loop_wrap = true
tracks/1/imported = false
tracks/1/enabled = true
tracks/1/keys = {
"times": PoolRealArray( 0, 1 ),
"transitions": PoolRealArray( 1, 1 ),
"update": 0,
"values": [ 0.0, -80.0 ]
}
tracks/2/type = "method"
tracks/2/path = NodePath(".")
tracks/2/interp = 1
tracks/2/loop_wrap = true
tracks/2/imported = false
tracks/2/enabled = true
tracks/2/keys = {
"times": PoolRealArray( 1 ),
"transitions": PoolRealArray( 1 ),
"values": [ {
"args": [  ],
"method": "start_game"
} ]
}

[node name="main_title" type="Node2D"]
script = ExtResource( 7 )

[node name="Label" type="Label" parent="."]
modulate = Color( 0, 0, 0, 1 )
margin_right = 477.0
margin_bottom = 716.0
custom_fonts/font = SubResource( 1 )
text = "Space-Dodger
©Kris Occhipinti 2022
https://filmsbykris.com

Licensed under GPLv3

This program is free software: you can redistribute it and/or modify it under the terms of the GNU General Public License as published by the Free Software Foundation, either version 3 of the License, or (at your option) any later version.

This program is distributed in the hope that it will be useful, but WITHOUT ANY WARRANTY; without even the implied warranty of MERCHANTABILITY or FITNESS FOR A PARTICULAR PURPOSE. See the GNU General Public License for more details.

You should have received a copy of the GNU General Public License along with this program. If not, see <https://www.gnu.org/licenses/>."
align = 1
valign = 1
autowrap = true
uppercase = true
__meta__ = {
"_edit_use_anchors_": false
}

[node name="music" type="AudioStreamPlayer" parent="."]
stream = ExtResource( 2 )
autoplay = true

[node name="AnimationPlayer" type="AnimationPlayer" parent="."]
autoplay = "main_title"
anims/main_title = SubResource( 2 )
anims/start = SubResource( 3 )

[node name="FBK_games" type="Sprite" parent="."]
modulate = Color( 0, 0, 0, 0.192308 )
position = Vector2( 239.271, 367.454 )
texture = ExtResource( 3 )

[node name="starfield_alpha" type="Sprite" parent="."]
modulate = Color( 1, 1, 1, 0.329897 )
position = Vector2( 271.959, 466.678 )
texture = ExtResource( 8 )

[node name="player" type="Sprite" parent="."]
position = Vector2( 73.2263, 807.939 )
texture = ExtResource( 6 )

[node name="start" type="Sprite" parent="."]
modulate = Color( 1, 1, 1, 0 )
position = Vector2( 237.106, 632.835 )
texture = ExtResource( 5 )

[node name="space-dodger" type="Sprite" parent="."]
modulate = Color( 1, 1, 1, 0 )
position = Vector2( 237.859, -87.8572 )
texture = ExtResource( 4 )
